@article{einstein,
    author =       "Albert Einstein",
    title =        "{Zur Elektrodynamik bewegter K{\"o}rper}. ({German})
        [{On} the electrodynamics of moving bodies]",
    journal =      "Annalen der Physik",
    volume =       "322",
    number =       "10",
    pages =        "891--921",
    year =         "1905",
    DOI =          "http://dx.doi.org/10.1002/andp.19053221004"
}
 
@book{latexcompanion,
    author    = "Michel Goossens and Frank Mittelbach and Alexander Samarin",
    title     = "The \LaTeX\ Companion",
    year      = "1993",
    publisher = "Addison-Wesley",
    address   = "Reading, Massachusetts"
}
 
@misc{knuthwebsite,
    author    = "Donald Knuth",
    title     = "Knuth: Computers and Typesetting",
    url       = "http://www-cs-faculty.stanford.edu/\~{}uno/abcde.html"
}







@inproceedings{han2011survey,
  title={Survey on NoSQL database},
  author={Han, Jing and Haihong, E and Le, Guan and Du, Jian},
  booktitle={2011 6th international conference on pervasive computing and applications},
  pages={363--366},
  year={2011},
  organization={IEEE}
}

@inproceedings{agrawal2011database,
  title={Database scalability, elasticity, and autonomy in the cloud},
  author={Agrawal, Divyakant and El Abbadi, Amr and Das, Sudipto and Elmore, Aaron J},
  booktitle={International Conference on Database Systems for Advanced Applications},
  pages={2--15},
  year={2011},
  organization={Springer}
}

@article{hardgrave2003investigating,
  title={Investigating determinants of software developers' intentions to follow methodologies},
  author={Hardgrave, Bill C and Davis, Fred D and Riemenschneider, Cynthia K},
  journal={Journal of Management Information Systems},
  volume={20},
  number={1},
  pages={123--151},
  year={2003},
  publisher={Taylor \& Francis}
}

@incollection{schwaber1997scrum,
  title={Scrum development process},
  author={Schwaber, Ken},
  booktitle={Business object design and implementation},
  pages={117--134},
  year={1997},
  publisher={Springer}
}

@article{moe2010teamwork,
  title={A teamwork model for understanding an agile team: A case study of a Scrum project},
  author={Moe, Nils Brede and Dings{\o}yr, Torgeir and Dyb{\aa}, Tore},
  journal={Information and Software Technology},
  volume={52},
  number={5},
  pages={480--491},
  year={2010},
  publisher={Elsevier}
}

@article{beeri1979computational,
  title={Computational problems related to the design of normal form relational schemas},
  author={Beeri, Catriel and Bernstein, Philip A},
  journal={ACM Transactions on Database Systems (TODS)},
  volume={4},
  number={1},
  pages={30--59},
  year={1979},
  publisher={ACM}
}

@article{gelperin1988growth,
  title={The growth of software testing},
  author={Gelperin, David and Hetzel, Bill},
  journal={Communications of the ACM},
  volume={31},
  number={6},
  pages={687--695},
  year={1988},
  publisher={Citeseer}
}

@book{ammann2016introduction,
  title={Introduction to software testing},
  author={Ammann, Paul and Offutt, Jeff},
  year={2016},
  publisher={Cambridge University Press}
}


@inproceedings{clark2004peer,
  title={Peer testing in software engineering projects},
  author={Clark, Nicole},
  booktitle={Proceedings of the Sixth Australasian Conference on Computing Education-Volume 30},
  pages={41--48},
  year={2004},
  organization={Australian Computer Society, Inc.}
}


@article{moniruzzaman2013nosql,
  title={Nosql database: New era of databases for big data analytics-classification, characteristics and comparison},
  author={Moniruzzaman, ABM and Hossain, Syed Akhter},
  journal={arXiv preprint arXiv:1307.0191},
  year={2013}
}

@book{burke2009restful,
  title={RESTful Java with JaX-RS},
  author={Burke, Bill},
  year={2009},
  publisher={" O'Reilly Media, Inc."}
}

@article{storl2015schemaless,
  title={Schemaless NoSQL data stores-Object-NoSQL Mappers to the rescue?},
  author={St{\"o}rl, Uta and Hauf, Thomas and Klettke, Meike and Scherzinger, Stefanie},
  journal={Datenbanksysteme f{\"u}r Business, Technologie und Web (BTW 2015)},
  year={2015},
  publisher={Gesellschaft f{\"u}r Informatik eV}
}


@misc{Blue,
  title = {Why so many websites are blue},
  howpublished = {\urlhttps://www.stuff.co.nz/technology/digital-living/84280310/why-so-many-websites-are-blue}},
  %note = {Accessed: 2010-09-30}
}





@misc{VV,
  title = {Verification Validation},
  howpublished = {\urlhttps:https://en.wikipedia.org/wiki/Verification_and_validation#cite_note-pmboked4-5}},
  %note = {Accessed: 2010-09-30}
}


@inproceedings{guide2001project,
  title={Project management body of knowledge (pmbok{\textregistered} guide)},
  author={Guide, A},
  booktitle={Project Management Institute},
  year={2001}
}

@article{ron2015no,
  title={No sql, no injection? examining nosql security},
  author={Ron, Aviv and Shulman-Peleg, Alexandra and Bronshtein, Emanuel},
  journal={arXiv preprint arXiv:1506.04082},
  year={2015}
}

@techreport{jones2015json,
  title={Json web token (jwt)},
  author={Jones, Michael and Bradley, John and Sakimura, Nat},
  year={2015}
}

@inproceedings{teller1994turing,
  title={Turing completeness in the language of genetic programming with indexed memory},
  author={Teller, Astro},
  booktitle={Proceedings of the First IEEE Conference on Evolutionary Computation. IEEE World Congress on Computational Intelligence},
  pages={136--141},
  year={1994},
  organization={IEEE}
}